@INPROCEEDINGS{resnet,
  author={He, Kaiming and Zhang, Xiangyu and Ren, Shaoqing and Sun, Jian},
  booktitle={2016 IEEE Conference on Computer Vision and Pattern Recognition (CVPR)}, 
  title={Deep Residual Learning for Image Recognition}, 
  year={2016},
  pages={770-778},
  doi={10.1109/CVPR.2016.90}}

@book{text,
  title     = {電気電子情報第一（前期）実験 テキスト},
  publisher = {東京大学工学部 電子情報工学科 電気電子工学科},
  year      = {2024},
}

@misc{link,
        title   = {前期実験I1I2I3（2024年）},
        note    = {https://sites.google.com/view/i1i2i3},
        year    = {2024}
}

@misc{sinsiro,
    author={新城 靖},
    title={システムプログラム（第8週）: select()による複数のクライアントに対するサービスの同時提供},
    howpublished="https://www.coins.tsukuba.ac.jp/~syspro/2013/2013-06-05/echo-server-select.html"
}

@misc{phone.wav,
    author={Springin'},    howpublished="https://www.springin.org/sound-stock/subcategory/ringtone/"
}